@misc{
	Scalaz,
	title = {Scalaz},
	url = {https://github.com/scalaz/scalaz}
}

@misc{
	LearningScalaz,
	title = {Learning Scalaz},
	author = {Eugene Yokota},
	url = {http://eed3si9n.com/learning-scalaz/index.html}
}

@book{
	FpForMortalsWithScalaz,
	title = {Functional Programming for Mortals with Scalaz},
	author = {Sam Halliday},
	publisher = {Leanpub},
	year = {2018},
	url = {https://leanpub.com/fpmortals}
}

@misc{
	Polymorphism,
	title = {Polymorphism (computer science)},
	url = {https://en.wikipedia.org/wiki/Polymorphism_(computer_science)}
}

@misc{
	TowardsScalaz1,
	title = {Towards Scalaz (Part 1)},
	url = {https://typelevel.org/blog/2013/10/13/towards-scalaz-1.html}
}

@misc{
	FunctorsApplicativesMonads,
	title = {Functors, Applicatives, And Monads In Pictures},
	url = {http://adit.io/posts/2013-04-17-functors,_applicatives,_and_monads_in_pictures.html}
}

@misc{
	ScalazDummies,
	title = {Scalaz for Dummies},
	url = {https://medium.com/bench-engineering/scalaz-for-dummies-5289f2d90352}
}

@misc{
	ValidationNel,
	title = {Accumulating More Than One Failure In A ValidationNEL},
	url = {https://johnkurkowski.com/posts/accumulating-multiple-failures-in-a-validationnel/}
}

@misc{
	TagTypes,
	title = {Tag Types},
	url = {http://dcapwell.github.io/scala-tour/Tag%20Types.html}
}

@misc{
	ScalazStateMonad,
	title = {Scalaz State Monad},
	url = {https://softwarecorner.wordpress.com/2013/08/29/scalaz-state-monad/}
}
